<?xml version="1.0" encoding="UTF-8"?><collection xmlns="http://www.loc.gov/MARC21/slim"><record><leader>00465nam--2200133-i-4500</leader><controlfield tag="001">000033874</controlfield><controlfield tag="002">20161230</controlfield><controlfield tag="005">20161230201039</controlfield><controlfield tag="008">060222s1000------------r-----000-0-eng-d</controlfield><datafield ind1=" " ind2=" " tag="080"><subfield code="a">541.28(043):539.171.017</subfield></datafield><datafield ind1=" " ind2=" " tag="100"><subfield code="a">Morjean, Maurice</subfield></datafield><datafield ind1=" " ind2=" " tag="245"><subfield code="a">Que devient l`energie dissipee dans les collisions tres inelastiques? analyse des neutrons emis dans le cas du systeme cu + au a 400 mev. these</subfield></datafield><datafield ind1=" " ind2=" " tag="260"><subfield code="a">Paris, Univ.Pierre Et Marie Curie, 1978, 58p</subfield></datafield><datafield ind1=" " ind2=" " tag="852"><subfield code="a">49780</subfield></datafield></record></collection>